% This file was created with JabRef 2.10.
% Encoding: Cp1252


@Electronic{couch1,
  Title                    = {Couchbase Sync Gateway - http://docs.couchbase.com/sync-gateway/},
  Author                   = {Couchbase}
}

@Electronic{couch1,
  Title                    = {Couchbase Lite - http://docs.couchbase.com/couchbase-lite/cbl-concepts/},
  Author                   = {Couchbase}
}

