% This file was created with JabRef 2.10.
% Encoding: Cp1252


@Electronic{javaSpecs7,
  Title                    = {Java JVM 7 Specification - \url{http://docs.oracle.com/javase/specs/jvms/se7/html/index.html}},
  Author                   = {Lindholm, T. and Yellin, F. and Bracha, G. and Buckley, A.}
}

@Electronic{jvmEin1,
  Title                    = {Java Virtual Machine - \url{http://docs.oracle.com/javase/7/docs/technotes/guides/vm/index.html?intcmp=3170}},
  Author                   = {Oracle}
}

@Electronic{diploMeins,
  Title                    = {Diplomarbeit FI@D},
  Author                   = {Rieppel, A. and Backhausen, D. and Dimitrijevic, D. and Traxler, T.}
}

@Book{ullen2011,
  Title                    = {Java 7-Mehr als eine Insel},
  Author                   = {Ullenboom, Christian},
  Publisher                = {Galileo Computing},
  Year                     = {2011},

  Journal                  = {Erste Auflage}
}

@Electronic{jvmEin,
  Title                    = {Java Virtual Machine - \url{http://de.wikipedia.org/wiki/Java_Virtual_Machine}},
  Author                   = {Wikipedia}
}

@Electronic{jvmClass,
  Title                    = {Classloader - \url{http://www.philipphauer.de/study/se/classloader.php}},
  Author                   = {Philipp Hauer}
}

@Electronic{jvmGarb,
  Title                    = {Garbage Collector - \url{http://www.angelikalanger.com/Articles/EffectiveJava/49.GC.GenerationalGC/49.GC.GenerationalGC.html}},
  Author                   = {Angelika Langer}
}