% This file was created with JabRef 2.10.
% Encoding: Cp1252


@Electronic{couch1,
  Title                    = {Couchbase Lite - \url{http://docs.couchbase.com/couchbase-lite/cbl-concepts/}},
  Author                   = {Couchbase}
}

@Electronic{sync1,
  Title                    = {Couchbase Sync Gateway - \url{http://docs.couchbase.com/sync-gateway/}},
  Author                   = {Couchbase}
}

@Electronic{diploMeins,
  Title                    = {Diplomarbeit FI@D},
  Author                   = {Rieppel, A. and Backhausen, D. and Dimitrijevic, D. and Traxler, T.}
}

@Electronic{diploBork,
  Title                    = {Diplomarbeit Buga Tracking},
  Author                   = {Wohlmuth, B. and Frank, M. and Kaltenb"ock, P. and Masopust, T.}
}

@Electronic{ausWo,
  Title                    = {Synchronisation of Distributed Databases},
  Author                   = {Wohlmuth, B.}
}

@Electronic{mys,
  Title                    = {MySQL Cluster - \url{http://dev.mysql.com/doc/refman/5.1/de/ndbcluster.html}},
  Author                   = {Oracle}
}